@inproceedings{leis2013adaptive,
  title={The adaptive radix tree: ARTful indexing for main-memory databases},
  author={Leis, Viktor and Kemper, Alfons and Neumann, Thomas},
  booktitle={2013 IEEE 29th International Conference on Data Engineering (ICDE)},
  pages={38--49},
  year={2013},
  organization={IEEE}
}

@inproceedings{alvarez2015comparison,
  title={A comparison of adaptive radix trees and hash tables},
  author={Alvarez, Victor and Richter, Stefan and Chen, Xiao and Dittrich, Jens},
  booktitle={2015 IEEE 31st International Conference on Data Engineering},
  pages={1227--1238},
  year={2015},
  organization={IEEE}
}

@inproceedings{leis2016art,
  title={The ART of practical synchronization},
  author={Leis, Viktor and Scheibner, Florian and Kemper, Alfons and Neumann, Thomas},
  booktitle={Proceedings of the 12th International Workshop on Data Management on New Hardware},
  pages={1--8},
  year={2016}
}

@inproceedings{lim2017cicada,
  title={Cicada: Dependably fast multi-core in-memory transactions},
  author={Lim, Hyeontaek and Kaminsky, Michael and Andersen, David G},
  booktitle={Proceedings of the 2017 ACM International Conference on Management of Data},
  pages={21--35},
  year={2017}
}

@article{bottcher2019scalable,
  title={Scalable garbage collection for in-memory MVCC systems},
  author={B{\"o}ttcher, Jan and Leis, Viktor and Neumann, Thomas and Kemper, Alfons},
  journal={Proceedings of the VLDB Endowment},
  volume={13},
  number={2},
  pages={128--141},
  year={2019},
  publisher={VLDB Endowment}
}

@inproceedings{binna2018hot,
  title={HOT: A height optimized trie index for main-memory database systems},
  author={Binna, Robert and Zangerle, Eva and Pichl, Martin and Specht, G{\"u}nther and Leis, Viktor},
  booktitle={Proceedings of the 2018 International Conference on Management of Data},
  pages={521--534},
  year={2018}
}

@inproceedings{neumann2015fast,
  title={Fast serializable multi-version concurrency control for main-memory database systems},
  author={Neumann, Thomas and M{\"u}hlbauer, Tobias and Kemper, Alfons},
  booktitle={Proceedings of the 2015 ACM SIGMOD International Conference on Management of Data},
  pages={677--689},
  year={2015}
}

@article{wu2017empirical,
  title={An empirical evaluation of in-memory multi-version concurrency control},
  author={Wu, Yingjun and Arulraj, Joy and Lin, Jiexi and Xian, Ran and Pavlo, Andrew},
  journal={Proceedings of the VLDB Endowment},
  volume={10},
  number={7},
  pages={781--792},
  year={2017},
  publisher={VLDB Endowment}
}

@inproceedings{nam2019write,
  title={$\{$Write-Optimized$\}$ Dynamic Hashing for Persistent Memory},
  author={Nam, Moohyeon and Cha, Hokeun and Choi, Young-ri and Noh, Sam H and Nam, Beomseok},
  booktitle={17th USENIX Conference on File and Storage Technologies (FAST 19)},
  pages={31--44},
  year={2019}
}

@inproceedings{wang2018building,
  title={Building a bw-tree takes more than just buzz words},
  author={Wang, Ziqi and Pavlo, Andrew and Lim, Hyeontaek and Leis, Viktor and Zhang, Huanchen and Kaminsky, Michael and Andersen, David G},
  booktitle={Proceedings of the 2018 International Conference on Management of Data},
  pages={473--488},
  year={2018}
}

@article{larson2011high,
  title={High-performance concurrency control mechanisms for main-memory databases},
  author={Larson, Per-{\AA}ke and Blanas, Spyros and Diaconu, Cristian and Freedman, Craig and Patel, Jignesh M and Zwilling, Mike},
  journal={arXiv preprint arXiv:1201.0228},
  year={2011}
}

@article{huang2022opportunities,
  title={Opportunities for optimism in contended main-memory multicore transactions},
  author={Huang, Yihe and Qian, William and Kohler, Eddie and Liskov, Barbara and Shrira, Liuba},
  journal={The VLDB Journal},
  pages={1--23},
  year={2022},
  publisher={Springer}
}

@inproceedings{lee2017wort,
  title={$\{$WORT$\}$: Write optimal radix tree for persistent memory storage systems},
  author={Lee, Se Kwon and Lim, K Hyun and Song, Hyunsub and Nam, Beomseok and Noh, Sam H},
  booktitle={15th USENIX Conference on File and Storage Technologies (FAST 17)},
  pages={257--270},
  year={2017}
}

@article{leis2019optimistic,
  title={Optimistic Lock Coupling: A Scalable and Efficient General-Purpose Synchronization Method.},
  author={Leis, Viktor and Haubenschild, Michael and Neumann, Thomas},
  journal={IEEE Data Eng. Bull.},
  volume={42},
  number={1},
  pages={73--84},
  year={2019}
}

@inproceedings{ailamaki1999dbmss,
  title={DBMSs on a modern processor: Where does time go?},
  author={Ailamaki, Anastassia and DeWitt, David J and Hill, Mark D and Wood, David A},
  booktitle={VLDB'99, Proceedings of 25th International Conference on Very Large Data Bases, September 7-10, 1999, Edinburgh, Scotland, UK},
  number={CONF},
  pages={266--277},
  year={1999}
}

@article{ailamaki2002data,
  title={Data page layouts for relational databases on deep memory hierarchies},
  author={Ailamaki, Anastassia and DeWitt, David J and Hill, Mark D},
  journal={The VLDB Journal},
  volume={11},
  number={3},
  pages={198--215},
  year={2002},
  publisher={Springer}
}

@inproceedings{ahmad2020arrowsam,
  title={ArrowSAM: In-Memory Genomics Data Processing Using Apache Arrow},
  author={Ahmad, Tanveer and Ahmed, Nauman and Peltenburg, Johan and Al-Ars, Zaid},
  booktitle={2020 3rd International Conference on Computer Applications \& Information Security (ICCAIS)},
  pages={1--6},
  year={2020},
  organization={IEEE}
}